

@article{chaudhary2020neuropsychological,
  title={Neuropsychological and neurophysiological aspects of brain-computer-interface (BCI) control in paralysis},
  author={Chaudhary, Ujwal and Mrachacz-Kersting, Natalie and Birbaumer, Niels},
  journal={The Journal of Physiology},
  year={2020},
  publisher={Wiley Online Library}
}

@misc{neural_ode,
      title={Neural Ordinary Differential Equations}, 
      author={Ricky T. Q. Chen and Yulia Rubanova and Jesse Bettencourt and David Duvenaud},
      year={2019},
      eprint={1806.07366},
      archivePrefix={arXiv},
      primaryClass={cs.LG}
}

@misc{cde,
      title={Neural Controlled Differential Equations for Irregular Time Series}, 
      author={Patrick Kidger and James Morrill and James Foster and Terry Lyons},
      year={2020},
      eprint={2005.08926},
      archivePrefix={arXiv},
      primaryClass={cs.LG}
}

@article{dda_ts,
    author = {Lainscsek, Claudia and Sejnowski, Terrence J.},
    title = "{Delay Differential Analysis of Time Series}",
    journal = {Neural Computation},
    volume = {27},
    number = {3},
    pages = {594-614},
    year = {2015},
    month = {03},
    issn = {0899-7667},
    doi = {10.1162/NECO_a_00706},
    url = {https://doi.org/10.1162/NECO\_a\_00706},
    eprint = {https://direct.mit.edu/neco/article-pdf/27/3/594/935282/neco\_a\_00706.pdf},
}



